Automatically generated by Mendeley Desktop 1.11
Any changes to this file will be lost if it is regenerated by Mendeley.

BibTeX export options can be customized via Preferences -> BibTeX in Mendeley Desktop

@book{Kirk2012,
address = {Birmingham, Mumbai},
author = {Kirk, Andy},
edition = {Primera ed},
isbn = {9781849693462},
publisher = {Packt Publishing},
title = {{Data Visualization : a successful design process}},
year = {2012}
}
@inproceedings{Suh2008a,
abstract = {Wikis are collaborative systems in which virtually anyone can edit anything. Although wikis have become highly popular in many domains, their mutable nature often leads them to be distrusted as a reliable source of information. Here we describe a social dynamic analysis tool called WikiDashboard which aims to improve social transparency and accountability on Wikipedia articles. Early reactions from users suggest that the increased transparency afforded by the tool can improve the interpretation, communication, and trustworthiness of Wikipedia articles.},
address = {New York, New York},
author = {Suh, Bongwon and Chi, Ed H and Kittur, Aniket and Pendleton, Bryan A},
booktitle = {Proceeding CHI '08 Proceedings of the SIGCHI Conference on Human Factors in Computing Systems},
doi = {10.1145/1357054.1357214},
editor = {Czerwinski, Mary and Lund, Arnold M and Tan, Desney S},
file = {:Users/maria/Google Drive/Ongoing/Tesis/Referencias/WikiDashboard/WikiDashboard-paper.pdf:pdf},
isbn = {9781605580111},
issn = {15561607},
keywords = {Social transparency,WikiDashboard,Wikipedia,accountability,collaboration,trust,visualization,wiki},
mendeley-tags = {Social transparency,WikiDashboard,Wikipedia,accountability,collaboration,trust,visualization,wiki},
number = {1},
pages = {1037--1040},
publisher = {ACM},
series = {CHI '08},
title = {{Lifting the veil: improving accountability and social transparency in Wikipedia with wikidashboard}},
url = {http://portal.acm.org/citation.cfm?id=1357214},
volume = {4},
year = {2008}
}
@inproceedings{Sabel2007a,
abstract = {Revision history of a wiki page is traditionally maintained as a linear chronological sequence.We propose to represent re- vision history as a tree of versions. Every edge in the tree is given a weight, called adoption coefficient, indicating sim- ilarity between the two corresponding page versions. The same coefficients are used to build the tree. In the imple- mentation described, adoption coefficients are derived from comparing texts of the versions, similarly to computing edit distance. The tree structure reflects actual evolution of page content, revealing reverts, vandalism, and edit wars, which is demonstrated on Wikipedia examples. The tree represen- tation is useful for both human editors and automated algo- rithms, including trust and reputation schemes for wiki.},
address = {Montr\'{e}al, Qu\'{e}bec},
author = {Sabel, Mikalai},
booktitle = {Proceedings of the 2007 international symposium on Wikis - WikiSym '07},
doi = {10.1145/1296951.1296965},
file = {:Users/maria/Google Drive/Ongoing/Tesis/Referencias/Por revisar/Sabel\_WikiSym2007\_StructuringRevision.pdf:pdf},
isbn = {9781595938619},
keywords = {Wikipedia,algorithms,design,experimentation,revision history,wiki,wikipedia},
mendeley-tags = {Wikipedia,revision history,wiki},
pages = {125--130},
publisher = {ACM},
title = {{Structuring wiki revision history}},
url = {http://portal.acm.org/citation.cfm?doid=1296951.1296965},
year = {2007}
}
@misc{Robiea,
author = {Robie, Jonathan},
booktitle = {W3C},
title = {{What is the Document Object Model?}},
url = {http://www.w3.org/TR/REC-DOM-Level-1/introduction.html}
}
@inproceedings{Wu2013a,
abstract = {As one of the popular social media that many people turn to in recent years, collaborative encyclopedia Wikipedia provides information in a more "Neutral Point of View" way than others. Towards this core principle, plenty of efforts have been put into collaborative contribution and editing. The trajectories of how such collaboration appears by revisions are valuable for group dynamics and social media research, which suggest that we should extract the underlying derivation relationships among revisions from chronologically-sorted revision history in a precise way. In this paper, we propose a revision graph extraction method based on supergram decomposition in the document collection of near- duplicates. The plain text of revisions would be measured by its frequency distribution of supergram, which is the variable-length token sequence that keeps the same through revisions. We show that this method can effectively perform the task than existing methods.},
address = {Hong Kong, China},
author = {Wu, Jianmin and Iwaihara, Mizuho},
booktitle = {Proceedings of the 9th International Symposium on Open Collaboration - WikiSym '13},
doi = {10.1145/2491055.2491065},
file = {:Users/maria/Google Drive/Ongoing/Tesis/Referencias/Por revisar/p0204-wu.pdf:pdf},
isbn = {9781450318525},
keywords = {Wikipedia,collaboration,revision history,wikipedia},
mendeley-tags = {Wikipedia,collaboration,revision history},
pages = {1--6},
publisher = {ACM},
title = {{Revision graph extraction in Wikipedia based on supergram decomposition}},
url = {http://dl.acm.org/citation.cfm?doid=2491055.2491065},
year = {2013}
}
@misc{Baranovskiya,
author = {Baranovskiy, Dmitry},
title = {{Rapha\"{e}l—JavaScript Library}}
}
@misc{Lehnia,
author = {Lehni, J\"{u}rg and Puckey, Jonathan},
title = {{Paper.js}},
url = {http://paperjs.org/}
}
@misc{Wikipediac,
author = {Wikipedia},
booktitle = {wikipedia.org},
title = {{Help:Page history}},
url = {http://en.wikipedia.org/wiki/Help:Page\_history}
}
@misc{Akawikipedia.orga,
author = {{Aka (wikipedia.org)}},
title = {{Wikipedia Page History Statistics}},
url = {http://vs.aka-online.de/cgi-bin/wppagehiststat.pl}
}
@inproceedings{Scalise2008a,
abstract = {Este art\'{\i}culo describe un enfoque dirigido por modelos para el procesamiento del historial de los art\'{\i}culos que conforman un sistema para el manejo de contenido colaborativo basado en wiki. El historial constituye la secuencia de versiones que posee cada art\'{\i}culo y adem\'{a}s de la informaci\'{o}n del contenido del art\'{\i}culo, contiene datos sobre la fecha y hora de modificaci\'{o}n, el usuario que realiz\'{o} el cambio, el tipo de cambio, entre otros. En este trabajo se describe c\'{o}mo se pueden calcular propiedades alternas a las disponibles en este tipo de manejador de contenido y generar tanto reportes como visualizaciones gr\'{a}ficas de la informaci\'{o}n, todo mediante un enfoque dirigido por modelos, donde la composici\'{o}n de transformaciones es utilizada para generar escenarios de reportes y/o visualizaci\'{o}n. Los reportes y visualizaciones propuestos en este trabajo permiten tener una visi\'{o}n de la comunidad de usuarios que participan en un wiki, as\'{\i} como tambi\'{e}n la evoluci\'{o}n de los art\'{\i}culos hospedados en el mismo.},
author = {Scalise, Eugenio and Zambrano, Nancy and Favre, Jean-marie},
booktitle = {XXXIV Conferencia Latinoamericana de Inform\'{a}tica},
file = {:Users/maria/Google Drive/Ongoing/Tesis/Referencias/Tesis tutor/Publicacion.Conferencia.CLEI.2008.Articulo.en.Extenso.pdf:pdf},
keywords = {espacios tecnol\'{o}gicos,historial,ingenier\'{\i}a dirigida por modelos,metamodelos,transformaciones,visualizaci\'{o}n de informaci\'{o}n,wiki},
mendeley-tags = {espacios tecnol\'{o}gicos,historial,ingenier\'{\i}a dirigida por modelos,metamodelos,transformaciones,visualizaci\'{o}n de informaci\'{o}n,wiki},
number = {Clei 2008},
pages = {350--359},
title = {{Visualizaci\'{o}n de Propiedades del Historial de los Art\'{\i}culos de un Manejador de Contenidos Basado en Wiki Aplicando Ingenier\'{\i}a Dirigida por Modelos}},
year = {2008}
}
@misc{Baranovskiy2009a,
author = {Baranovskiy, Dmitry},
booktitle = {dev.opera.com},
title = {{Rapha\"{e}l: A JavaScript API for SVG}},
url = {http://dev.opera.com/articles/raphael-javascript-api-for-svg/},
year = {2009}
}
@inproceedings{Suh2007a,
abstract = {Wikipedia is a wiki-based encyclopedia that has become one of the most popular collaborative on-line knowledge systems. As in any large collaborative system, as Wikipedia has grown, conflicts and coordination costs have increased dramatically. Visual analytic tools provide a mechanism for addressing these issues by enabling users to more quickly and effectively make sense of the status of a collaborative environment. In this paper we describe a model for identifying patterns of conflicts in Wikipedia articles. The model relies on users' editing history and the relationships between user edits, especially revisions that void previous edits, known as "reverts". Based on this model, we constructed Revert Graph, a tool that visualizes the overall conflict patterns between groups of users. It enables visual analysis of opinion groups and rapid interactive exploration of those relationships via detail drill- downs. We present user patterns and case studies that show the effectiveness of these techniques, and discuss how they could generalize to other systems.},
address = {Sacramento, California},
author = {Suh, Bongwon and Chi, Ed H. and Pendleton, Bryan A. and Kittur, Aniket},
booktitle = {Proceedings VAST IEEE Symposium on Visual Analytics Science and Technology 2007},
file = {:Users/maria/Library/Application Support/Mendeley Desktop/Downloaded/Suh et al. - 2007 - Us vs. Them Understanding social dynamics in wikipedia with revert graph visualizations.pdf:pdf},
keywords = {Collaboration,Graph,Revert,User model,Visualization,Wiki,Wikipedia,collaboration,graph,revert,user model,visualization,wiki},
mendeley-tags = {Wikipedia,collaboration,graph,revert,user model,visualization,wiki},
pages = {163--170},
publisher = {IEEE},
title = {{Us vs. Them: Understanding social dynamics in wikipedia with revert graph visualizations}},
year = {2007}
}
@book{Fry2008a,
address = {Sebastopol, California},
author = {Fry, Ben},
edition = {Primera Ed},
editor = {Oram, Andy},
isbn = {9780596514556},
publisher = {O’Reilly Media, Inc.},
title = {{Visualizing Data}},
year = {2008}
}
@misc{Wikipediad,
author = {Wikipedia},
booktitle = {wikipedia.org},
title = {{Wiki}},
url = {http://en.wikipedia.org/wiki/Wiki}
}
@inproceedings{Havre2000a,
abstract = {ThemeRiver™ is a prototype system that visualizes thematic variations over time within a large collection of documents. The “river” flows from left to right through time, changing width to depict changes in thematic strength of temporally associated documents. Colored “currents” flowing within the river narrow or widen to indicate decreases or increases in the strength of an individual topic or a group of topics in the associated documents. The river is shown within the context of a timeline and a corresponding textual presentation of external events.},
address = {Salt Lake City, Utah},
author = {Havre, S. and Hetzler, B. and Nowell, L.},
booktitle = {IEEE Symposium on Information Visualization 2000. INFOVIS 2000. Proceedings},
doi = {10.1109/INFVIS.2000.885098},
file = {:Users/maria/Google Drive/Ongoing/Tesis/Referencias/ThemeRiver/ThemeRiver-paper.pdf:pdf},
isbn = {0-7695-0804-9},
keywords = {timeline,trend analysis,visualization metaphors},
mendeley-tags = {timeline,trend analysis,visualization metaphors},
pages = {115--123},
publisher = {IEEE Comput. Soc},
title = {{ThemeRiver: visualizing theme changes over time}},
url = {http://ieeexplore.ieee.org/lpdocs/epic03/wrapper.htm?arnumber=885098},
year = {2000}
}
@misc{MediaWikia,
author = {MediaWiki},
booktitle = {mediawiki.org},
title = {{MediaWiki}},
url = {https://www.mediawiki.org/wiki/MediaWiki}
}
@inproceedings{Silva2012a,
abstract = {Wikipedia is a collaborative website which is growing in con- tent and popularity. As its popularity grows, so does the likelihood of it reflecting the opinion of society as a whole. Thus, it is of interest to analyze Wikipedia content, editions, disputes and comments in order to draw conjectures about the public opinion. We present a visualization which con- denses article content, metrics and other information, along with their evolution through time, in a single visualization. We then present some case studies, where we could find pat- terns and infer hypotheses on the activity of Wikipedia ar- ticles, and we also report findings which resulted from user tests.},
address = {Austin, Texas},
author = {Silva, Nuno J},
booktitle = {Proceeding CHI '12 Conference on Human Factors in Computing Systems},
file = {:Users/maria/Google Drive/Ongoing/Tesis/Referencias/Popculture/popculture-paper.pdf:pdf},
isbn = {9781450310154},
keywords = {Information visualization,Revision history,User-generated content,Wikipedia},
mendeley-tags = {Information visualization,Revision history,User-generated content,Wikipedia},
publisher = {ACM},
title = {{On the analysis of Wikipedia activity through time}},
year = {2012}
}
@misc{Refsnes-Datab,
author = {Refsnes-Data},
booktitle = {W3Schools.com},
title = {{JavaScript HTML DOM}},
url = {http://www.w3schools.com/js/js\_htmldom.asp}
}
@phdthesis{D'Apuzzo2012a,
abstract = {Este trabajo especial de grado titulado, ―MÉTODOS Y TÉCNICAS PARA EL CÁLCULO Y VISUALIZACIÓN DE MÉTRICAS DE HISTORIALES EN ARTÍCULOS DE WIKIS‖, trata acerca de la implementación de una aplicación cuyo objetivo es la recuperación del historial de artículos hospedado en cualquier wiki basado en MediaWiki (Web Scraper), para posteriormente almacenarlos, calcular métricas en base a los datos obtenidos del historial y proyectar dichas métricas a través de herramientas gráfica para la Web. Dentro de este trabajo se puede identificar la parte teórica-practica que concierne al desarrollo de la aplicación, se utiliza el método ágil Extreme Programming (XP) así como las distintas fases que se deben cumplir para la realización de dicha aplicación. Luego, se describe la estrategia de solución, la cual se consideró como cada una de las iteraciones correspondientes al desarrollo de la aplicación. Para este desarrollo se consideró dividir la aplicación en 2 partes, un back-end (de escritorio) y un front-end (web), comenzando con el back-end (de escritorio) y la creación de un Web Scraper de uso general con políticas de selección, re-visita, cortesía y paralización bien definidas y finalizando con el front-end Web y la visualización de las métricas obtenidas por el Web Scraper. Finalmente se dan a conocer las limitaciones, conclusiones y recomendaciones para mejoras de dicha aplicación en cuanto a tiempos de respuestas, promoviendo el escalado horizontal de la base de datos.},
author = {D'Apuzzo, Roberto and Worwa, Benjam\'{\i}n},
file = {:Users/maria/Google Drive/Ongoing/Tesis/Referencias/WikiMetrics/[Tesis - Documento].pdf:pdf},
keywords = {D'Apuzzo,Web Crawling,Web Scraping,Worwa,historial de wiki,ingeniería Web,métricas.,visualización Web,wiki},
mendeley-tags = {Web Crawling,Web Scraping,historial de wiki,ingeniería Web,métricas.,visualización Web,wiki},
school = {Universidad Central de Venezuela},
title = {{M\'{e}todos y T\'{e}cnicas para el Calculo y Visualizaci\'{o}n de M\'{e}tricas de Historiales en Art\'{\i}culos de Wikis}},
type = {Pregrado},
year = {2012}
}
@inproceedings{Nunes2008a,
abstract = {Wikis are popular tools commonly used to support distrib- uted collaborative work. Wikis can be seen as virtual scrap- books that anyone can edit without having any specific tech- nical know-how. The Wikipedia is a flagship example of a real-word application of wikis. Due to the large scale of Wikipedia it’s difficult to easily grasp much of the informa- tion that is stored in this wiki. We address one particular aspect of this issue by looking at the revision history of each article. Plotting the revision activity in a timeline we ex- pose the complete article’s history in a easily understand- able format. We present WikiChanges, a web-based appli- cation designed to plot an article’s revision timeline in real time. WikiChanges also includes a web browser extension that incorporates activity sparklines in the real Wikipedia. Finally, we introduce a revisions summarization task that addresses the need to understand what occurred during a given set of revisions. We present a first approach to this task using tag clouds to present the revisions made.},
address = {Porto, Portugal},
author = {Nunes, S\'{e}rgio},
booktitle = {Proceedings of the 2008 international symposium on Wikis - WikiSym '08},
file = {:Users/maria/Library/Application Support/Mendeley Desktop/Downloaded/Nunes - 2008 - WikiChanges - Exposing Wikipedia Revision Activity.pdf:pdf},
keywords = {Experimentation,Human Factors},
mendeley-tags = {Experimentation,Human Factors},
pages = {2--5},
title = {{WikiChanges - Exposing Wikipedia Revision Activity}},
year = {2008}
}
@misc{Bostocka,
author = {Bostock, Mike},
booktitle = {d3js.org},
title = {{D3 Data Driven Documents}},
url = {http://d3js.org/}
}
@book{Tufle2007a,
address = {Cheshire, Connecticut},
author = {Tufle, Edward R.},
booktitle = {Graphics Press},
edition = {Second Edi},
isbn = {978-0961392147},
publisher = {Graphics Press LLC},
title = {{The visual display of quantitative information}},
url = {http://www.colorado.edu/UCB/AcademicAffairs/ArtsSciences/geography/foote/maps/assign/reading/TufteCoversheet.pdf},
year = {2007}
}
@inproceedings{Viegas2004a,
abstract = {The Internet has fostered an unconventional and powerful style of collaboration: "wiki" web sites, where every visitor has the power to become an editor. In this paper we investigate the dynamics of Wikipedia, a prominent, thriving wiki. We make three contributions. First, we introduce a new exploratory data analysis tool, the history flow visualization, which is effective in revealing patterns within the wiki context and which we believe will be useful in other collaborative situations as well. Second, we discuss several collaboration patterns highlighted by this visualization tool and corroborate them with statistical analysis. Third, we discuss the implications of these patterns for the design and governance of online collaborative social spaces. We focus on the relevance of authorship, the value of community surveillance in ameliorating antisocial behavior, and how authors with competing perspectives negotiate their differences.},
address = {Vienna, Austria},
author = {Vi\'{e}gas, FB and Wattenberg, Martin and Dave, Kushal},
booktitle = {Proceedings of the SIGCHI Conference on Human Factors in Computing Systems},
file = {:Users/maria/Google Drive/Ongoing/Tesis/Referencias/History Flow/history-flow-paper.pdf:pdf},
keywords = {Wiki,collaboration,document,revision history,visualization,wiki},
mendeley-tags = {Wiki,collaboration,document,revision history,visualization},
number = {1},
pages = {575--582},
pmid = {363},
publisher = {ACM},
title = {{Studying cooperation and conflict between authors with history flow visualizations}},
url = {http://dl.acm.org/citation.cfm?id=985765},
volume = {6},
year = {2004}
}
@misc{Wikipediae,
author = {Wikipedia},
booktitle = {wikipedia.org},
title = {{Wikipedia}},
url = {http://en.wikipedia.org/wiki/Wikipedia}
}
@techreport{Bostock2011a,
abstract = {Data-Driven Documents (D3) is a novel representation-transparent approach to visualization for the web. Rather than hide the underlying scenegraph within a toolkit-specific abstraction, D3 enables direct inspection and manipulation of a native represen- tation: the standard document object model (DOM). With D3, designers selectively bind input data to arbitrary document elements, applying dynamic transforms to both generate and modify content. We show how representational transparency improves expressive- ness and better integrates with developer tools than prior approaches, while offering comparable notational efficiency and retaining powerful declarative components. Immediate evaluation of operators further simplifies debugging and allows iterative development. Additionally, we demonstrate how D3 transforms naturally enable animation and interaction with dramatic performance improvements over intermediate representations.},
address = {Stanford, California},
author = {Bostock, Michael and Ogievetsky, Vadim and Heer, Jeffrey},
file = {:Users/maria/Google Drive/Ongoing/Tesis/Referencias/Por revisar/2011-D3-InfoVis.pdf:pdf},
institution = {Computer Science Department of Stanford University},
keywords = {d3,d3.js,dom,javascript,visualization},
title = {{D3: Data-Driven Documents}},
url = {http://d3js.org/},
year = {2011}
}
@article{Wattenberg2007a,
abstract = {To investigate how participants in peer production systems allocate their time, we examine editing activity on Wikipedia, the well-known online encyclopedia. To analyze the huge edit histories of the sites administrators we introduce a visualization technique, the chromogram, that can display very long textual sequences through a simple color coding scheme. Using chromograms we describe a set of characteristic editing patterns. In addition to confirming known patterns, such reacting to vandalism events, we identify a distinct class of organized systematic activities. We discuss how both reactive and systematic strategies shed light on self-allocation of effort in Wikipedia, and how they may pertain to other peer-production systems.},
author = {Wattenberg, Martin and Vi\'{e}gas, Fernanda B and Hollenbach, Katherine},
file = {:Users/maria/Google Drive/Ongoing/Tesis/Referencias/Cromograma/chromograms-paper.pdf:pdf},
journal = {Human-Computer Interaction – INTERACT 2007},
keywords = {Peer Production,Visualization,Wikipedia,peer production,visualization,wikipedia},
mendeley-tags = {Peer Production,Visualization,Wikipedia},
pages = {272--287},
publisher = {Springer},
title = {{Visualizing activity on wikipedia with chromograms}},
url = {http://www.springerlink.com/index/u6707746163kw821.pdf$\backslash$nhttp://link.springer.com/chapter/10.1007/978-3-540-74800-7\_23},
volume = {4663, 2007},
year = {2007}
}
@inproceedings{Keegan2012a,
abstract = {Despite the fact that Wikipedia articles about current events are more popular and attract more contributions than typical articles, canonical studies of Wikipedia have only analyzed articles about pre-existing information. We expect the co- authoring of articles about breaking news incidents to exhibit high-tempo coordination dynamics which are not found in articles about historical events and information. Using 1.03 million revisions made by 158,384 users to 3,233 English Wikipedia articles about disasters, catastrophes, and conflicts since 1990, we construct “article trajectories” of editor interactions as they coauthor an article. Examining a subset of this corpus, our analysis demonstrates that articles about current events exhibit structures and dynamics distinct from those observed among articles about non-breaking events. These findings have implications for how collective intelligence systems can be leveraged to process and make sense of complex information.},
address = {Linz, Austria},
author = {Keegan, Brian and Gergle, Darren and Contractor, Noshir},
booktitle = {Proceedings of the 2012 international symposium on Wikis - WikiSym '12},
file = {:Users/maria/Library/Application Support/Mendeley Desktop/Downloaded/Keegan, Gergle, Contractor - 2012 - Staying in the Loop Structure and Dynamics of Wikipedia ’ s Breaking News Collaborations.pdf:pdf},
isbn = {9781450316057},
keywords = {Wikipedia,breaking,breaking news,collaboration,high-tempo collaboration,multigraph,network analysis,news,wikipedia},
mendeley-tags = {Wikipedia,breaking news,collaboration,high-tempo collaboration,multigraph,network analysis},
publisher = {ACM},
title = {{Staying in the Loop : Structure and Dynamics of Wikipedia ’ s Breaking News Collaborations}},
year = {2012}
}
@book{Murray2013a,
address = {Sebastopol, California},
author = {Murray, Scott},
edition = {First edit},
editor = {Blanchette, Meghan},
isbn = {1-4493-3973-5},
publisher = {O'Reilly Media},
title = {{Interactive Data Visualization for the Web}},
url = {http://shop.oreilly.com/product/0636920026938.do},
year = {2013}
}
@book{Iliinsky2011a,
abstract = {Data visualization is an efficient and effective medium for communicating large amounts of information, but the design process can often seem like an unexplainable creative endeavor. This concise book aims to demystify the design process by showing you how to use a linear decision-making process to encode your information visually. Delve into different kinds of visualization, including infographics and visual art, and explore the influences at work in each one. Then learn how to apply these concepts to your design process. Learn data visualization classifications, including explanatory, exploratory, and hybrid Discover how three fundamental influencesthe designer, the reader, and the datashape what you create Learn how to describe the specific goal of your visualization and identify the supporting data Decide the spatial position of your visual entities with axes Encode the various dimensions of your data with appropriate visual properties, such as shape and color See visualization best practices and suggestions for encoding various specific data types},
address = {Sebastopol, California},
author = {Iliinsky, Noah and Steele, Julie},
booktitle = {Practitioner},
editor = {Steele, Julie},
isbn = {978-1-449-31228-2},
publisher = {O’Reilly Media, Inc.},
title = {{Designing Data Visualizations}},
year = {2011}
}
@misc{Refsnes-Datac,
author = {Refsnes-Data},
booktitle = {W3Schools.com},
title = {{CSS How To}},
url = {http://www.w3schools.com/css/css\_howto.asp}
}
@inproceedings{Brandes2009a,
abstract = {In this paper we give models and algorithms to describe and analyze the collaboration among authors of Wikipedia from a network analytical perspective. The edit network encodes who interacts how with whom when editing an article; it sig- nificantly extends previous network models that code author communities in Wikipedia. Several characteristics summa- rizing some aspects of the organization process and allowing the analyst to identify certain types of authors can be ob- tained from the edit network. Moreover, we propose several indicators characterizing the global network structure and methods to visualize edit networks. It is shown that the structural network indicators are correlated with quality la- bels of the associated Wikipedia articles.},
address = {Madrid, Spain},
author = {Brandes, Ulrik and Kenis, Patrick and Lerner, J\"{u}rgen and van Raaij, Denise},
booktitle = {Proceedings of the 18th international conference on World wide web - WWW '09},
doi = {10.1145/1526709.1526808},
file = {:Users/maria/Google Drive/Ongoing/Tesis/Referencias/Por revisar/network-analysis-09.pdf:pdf},
isbn = {9781605584874},
keywords = {Wikipedia,edit network,governance,network visualization,social network analysis,wikipedia},
mendeley-tags = {Wikipedia,edit network,governance,network visualization,social network analysis},
pages = {731--740},
publisher = {ACM Press},
title = {{Network analysis of collaboration structure in Wikipedia}},
url = {http://portal.acm.org/citation.cfm?doid=1526709.1526808},
year = {2009}
}
@misc{Frya,
author = {Fry, Ben and Reas, Casey},
title = {{Processing.js}},
url = {http://processingjs.org/}
}
