%% María Gabriela Caetano at 2014-07-28
%% Encoding Unicode (UTF-8)

%%% THESES %%%%%%%%%%%%%%%%%%%%%%%%%%%%%%%%%%%%%%%%%%%%%%%%%%%%%%%%%%%%%%%%%%%

@thesis{Dap12,
  Address = {Caracas, VE},
  Author  = {D'Apuzzo, Roberto and Worwa, Benjam{\'\i}n},
  Month   = {may},
  School  = {Universidad Central de Venezuela},
  Title   = {M{\'e}todos y T{\'e}cnicas para el C{\'a}lculo y Visualizaci{\'o}n de M{\'e}tricas de Historiales en Art{\'\i}culos de Wikis},
  Type    = {Undergraduate Thesis},
  Year    = {2012}
}

%%% CONFERENCES %%%%%%%%%%%%%%%%%%%%%%%%%%%%%%%%%%%%%%%%%%%%%%%%%%%%%%%%%%%%%%

@conference{Sca08,
  Author    = {Scalise, Eugenio and Zambrano, Nancy and Favre, Jean-Marie},
  Booktitle = {XXXIV Conferencia Latinoamericana de Inform{\'a}tica},
  Month     = {sep},
  Pages     = {350--359},
  Title     = {Visualizaci{\'o}n de Propiedades del Historial de los Art{\'\i}culos de un Manejador de Contenidos Basado en Wiki Aplicando Ingenier{\'\i}a Dirigida por Modelos},
  Year      = {2008}
}

%%% ARTICLES %%%%%%%%%%%%%%%%%%%%%%%%%%%%%%%%%%%%%%%%%%%%%%%%%%%%%%%%%%%%%%%%%

@article{Bos11,
  Author    = {Bostock, Michael and Ogievetsky, Vadim and Heer, Jeffrey},
  Journal   = {Visualization and Computer Graphics, Institute of Electrical and Electronics Engineers Transactions on},
  Month     = {dec},
  Number    = {12},
  Pages     = {2301--2309},
  Publisher = {Institute of Electrical and Electronics Engineers},
  Title     = {D$^3$ data-driven documents},
  Volume    = {17},
  Year      = {2011}
}

@article{Mac86,
  Author    = {MacKinlay, Jock},
  Journal   = {ACM Transactions on Graphics (TOG)},
  Number    = {2},
  Pages     = {110--141},
  Publisher = {Association for Computing Machinery},
  Title     = {Automating the design of graphical presentations of relational information},
  Volume    = {5},
  Year      = {1986}
}

@article{Cle84,
  Author = {Cleveland, William S and McGill, Robert},
  Journal = {Journal of the American statistical association},
  Number = {387},
  Pages = {531--554},
  Publisher = {Taylor \& Francis},
  Title = {Graphical perception: Theory, experimentation, and application to the development of graphical methods},
  Volume = {79},
  Year = {1984}
}

%%% PROCEEDINGS %%%%%%%%%%%%%%%%%%%%%%%%%%%%%%%%%%%%%%%%%%%%%%%%%%%%%%%%%%%%%%

@inproceedings{Wat07,
  Address   = {Heidelberg, Berlin},
  Author    = {Wattenberg, Martin and Vi{\'e}gas, Fernanda B and Hollenbach, Katherine},
  Booktitle = {Human-Computer Interaction -- INTERACT 2007},
  Number    = {2},
  Pages     = {272--287},
  Publisher = {Springer},
  Series    = {LNCS},
  Title     = {Visualizing activity on wikipedia with chromograms},
  Volume    = {46c3},
  Year      = {2007}
}

@inproceedings{Kee12,
  Address   = {New York, NY},
  Author    = {Keegan, Brian and Gergle, Darren and Contractor, Noshir},
  Booktitle = {Proceedings of the Eighth Annual International Symposium on Wikis and Open Collaboration},
  Number    = {1},
  Publisher = {Association for Computing Machinery},
  Title     = {Staying in the loop: structure and dynamics of Wikipedia's breaking news collaborations},
  Year      = {2012}
}

@inproceedings{Vie04,
  Address   = {New York, NY},
  Author    = {Vi{\'e}gas, Fernanda B and Wattenberg, Martin and Dave, Kushal},
  Booktitle = {Proceedings of the SIGCHI conference on Human factors in computing systems},
  Pages     = {575--582},
  Publisher = {Association for Computing Machinery},
  Title     = {Studying cooperation and conflict between authors with history flow visualizations},
  Year      = {2004}
}

@inproceedings{Suh08,
  Address   = {New York, NY},
  Author    = {Suh, Bongwon and Chi, Ed H and Kittur, Aniket and Pendleton, Bryan A},
  Booktitle = {Proceedings of the SIGCHI Conference on Human Factors in Computing Systems},
  Pages     = {1037--1040},
  Publisher = {Association for Computing Machinery},
  Title     = {Lifting the veil: improving accountability and social transparency in Wikipedia with wikidashboard},
  Year      = {2008}
}

@inproceedings{Nun08,
  Address   = {New York, NY},
  Author    = {Nunes, S{\'e}rgio and Ribeiro, Cristina and David, Gabriel},
  Booktitle = {Proceedings of the 4th International Symposium on Wikis},
  Number    = {25},
  Publisher = {Association for Computing Machinery},
  Title     = {WikiChanges: exposing Wikipedia revision activity},
  Year      = {2008}
}

@inproceedings{Suh07,
  Author    = {Suh, Bongwon and Chi, Ed H and Pendleton, Bryan A and Kittur, Aniket},
  Booktitle = {Visual Analytics Science and Technology, 2007. VAST 2007. Institute of Electrical and Electronics Engineers Symposium on},
  Pages     = {163--170},
  Publisher = {Institute of Electrical and Electronics Engineers},
  Title     = {Us vs. them: Understanding social dynamics in wikipedia with revert graph visualizations},
  Year      = {2007}
}

%%% BOOKS %%%%%%%%%%%%%%%%%%%%%%%%%%%%%%%%%%%%%%%%%%%%%%%%%%%%%%%%%%%%%%%%%%%%

@book{Tuf83,
  Address   = {Cheshire, CT},
  Author    = {Tufte, Edward R and Graves-Morris, PR},
  Publisher = {Graphics press},
  Title     = {The visual display of quantitative information},
  Volume    = {2},
  Year      = {1983}
}

@book{Kir12,
  Address   = {Birmingham, UK},
  Author    = {Kirk, Andy},
  Publisher = {Packt Publishing Ltd},
  Title     = {Data Visualization: a successful design process},
  Year      = {2012}
}

@book{Fry07,
  Address   = {Sebastopol, CA},
  Author    = {Fry, Ben},
  Publisher = {O'Reilly Media Inc},
  Title     = {Visualizing Data: Exploring and Explaining Data with the Processing Environment},
  Year      = {2007}
}

@book{Mur13,
  Address   = {Sebastopol, CA},
  Author    = {Murray, Scott},
  Publisher = {O'Reilly Media Inc},
  Title     = {Interactive data visualization for the Web},
  Year      = {2013}
}

@book{Ste11,
  Address   = {Sebastopol, CA},
  Author    = {Steele, Julie and Iliinsky, Noah},
  Publisher = {O'Reilly Media Inc},
  Title     = {Designing Data Visualizations: Representing Informational
               Relationships},
  Year      = {2011}
}

%%% ONLINE %%%%%%%%%%%%%%%%%%%%%%%%%%%%%%%%%%%%%%%%%%%%%%%%%%%%%%%%%%%%%%%%%%%


@online{Wp14,
  Author        = {WebPlatform},
  Organization  = {World Wide Web Consortium},
  Title         = {The Web Standards Model — HTML, CSS and JavaScript},
  Url           = {http://docs.webplatform.org/wiki/concepts/Internet_and_Web/The_Web_Standards_Model},
  Urldate       = {2014-07-28}
}

@online{Html5,
  Author        = {World Wide Web Consortium},
  Date          = {2014-06-17},
  Organization  = {World Wide Web Consortium},
  Title         = {HTML5: A vocabulary and associated APIs for HTML and XHTML},
  Url           = {http://www.w3.org/TR/html5/single-page.html},
  Urldate       = {2014-07-28}
}

@online{MozHTML,
  Author        = {Mozilla Developer Network},
  Title         = {Introduction to HTML},
  Url           = {https://developer.mozilla.org/en-US/docs/Web/Guide/HTML/Introduction},
  Urldate       = {2014-07-28}
}

@online{MozJS,
  Author        = {Mozilla Developer Network},
  Title         = {JavaScript},
  Url           = {https://developer.mozilla.org/en-US/docs/Web/JavaScript},
  Urldate       = {2014-07-28}
}

@online{Svg10,
  Author        = {SVG Working Group},
  Date          = {2010},
  Organization  = {World Wide Web Consortium},
  Title         = {Scalable Vector Graphics (SVG)},
  Url           = {http://www.w3.org/Graphics/SVG/},
  Urldate       = {2014-07-28}
}

@online{MozDOM,
  Author        = {Mozilla Developer Network},
  Title         = {Document Object Model (DOM)},
  Url           = {https://developer.mozilla.org/en-US/docs/Web/API/Document_Object_Model},
  Urldate       = {2014-07-28}
}

@online{MozCSS,
  Author        = {Mozilla Developer Network},
  Title         = {CSS},
  Url           = {https://developer.mozilla.org/en-US/docs/Web/CSS},
  Urldate       = {2014-07-28}
}

@online{HnC13,
  Author        = {World Wide Web Consortium},
  Date          = {2013},
  Organization  = {World Wide Web Consortium},
  Title         = {HTML \& CSS},
  Url           = {http://www.w3.org/standards/webdesign/htmlcss},
  Urldate       = {2014-07-28}
}

@online{Js13,
  Author        = {World Wide Web Consortium},
  Date          = {2013},
  Organization  = {World Wide Web Consortium},
  Title         = {JavaScript Web APIs},
  Url           = {http://www.w3.org/standards/webdesign/script},
  Urldate       = {2014-07-28}
}

@online{Diff13,
  Author        = {World Wide Web Consortium},
  Date          = {2013-05-28},
  Organization  = {World Wide Web Consortium},
  Title         = {Differences from HTML4},
  Url           = {http://www.w3.org/TR/html5-diff/},
  Urldate       = {2014-07-28}
}

@online{Gra13,
  Author        = {World Wide Web Consortium},
  Date          = {2013},
  Organization  = {World Wide Web Consortium},
  Title         = {Graphics},
  Url           = {http://www.w3.org/standards/webdesign/graphics},
  Urldate       = {2014-07-28}
}

@online{MozCSS3,
  Author        = {Mozilla Developer Network},
  Title         = {CSS3},
  Url           = {https://developer.mozilla.org/en-US/docs/Web/CSS/CSS3},
  Urldate       = {2014-07-28}
}

@online{WikiHelp,
  Author        = {Wikipedia},
  Organization  = {Wikimedia Foundation Inc},
  Title         = {Help:Page history},
  Url           = {http://en.wikipedia.org/wiki/Help:Page_history},
  Urldate       = {2014-07-28}
}

@online{Wikipedia,
  Author        = {Wikipedia},
  Organization  = {Wikimedia Foundation Inc},
  Title         = {Wikipedia},
  Url           = {http://en.wikipedia.org/wiki/Wikipedia},
  Urldate       = {2014-07-28}
}

@online{Wiki,
  Author        = {Wikipedia},
  Organization  = {Wikimedia Foundation Inc},
  Title         = {Wiki},
  Url           = {http://en.wikipedia.org/wiki/Wiki},
  Urldate       = {2014-07-28}
}

@online{Rob98,
  Author        = {Robie, Jonathan},
  Date          = {1998-10-01},
  Organization  = {World Wide Web Consortium},
  Title         = {What is the Document Object Model?},
  Url           = {http://www.w3.org/TR/REC-DOM-Level-1/introduction.html},
  Urldate       = {2014-07-28}
}

@online{CssHT,
  Author        = {Refsnes Data},
  Organization  = {W3Schools},
  Title         = {CSS How To...},
  Url           = {http://www.w3schools.com/css/css_howto.asp},
  Urldate       = {2014-07-28}
}

@online{JsHD,
  Author        = {Refsnes Data},
  Organization  = {W3Schools},
  Title         = {JavaScript HTML DOM},
  Url           = {http://www.w3schools.com/js/js_htmldom.asp},
  Urldate       = {2014-07-28}
}

@online{JsTut,
  Author        = {Refsnes Data},
  Organization  = {W3Schools},
  Title         = {JavaScript Tutorial},
  Url           = {http://www.w3schools.com/js/default.asp},
  Urldate       = {2014-07-28}
}

@online{PaperJS,
  Title         = {Paper.js},
  Url           = {http://paperjs.org/},
  Urldate       = {2014-07-28}
}

@online{ProcJS,
  Title         = {Processing.js},
  Url           = {http://processingjs.org/},
  Urldate       = {2014-07-28}
}

@online{RaphJS,
  Title         = {Raphaël—JavaScript Library},
  Url           = {http://raphaeljs.com},
  Urldate       = {2014-07-28}
}

@online{D3JS,
  Author        = {Bostock, Mike},
  Title         = {Data-Driven Documents},
  Url           = {http://d3js.org},
  Urldate       = {2014-07-28}
}

@online{GitD3,
  Author        = {Bostock, Mike},
  Title         = {mbostock/d3/ Wiki},
  Url           = {https://github.com/mbostock/d3/wiki},
  Urldate       = {2014-08-20}
}

@online{Bar09,
  Author        = {Baranovskiy, Dmitry},
  Date          = {2009-01-15},
  Organization  = {Opera Software ASA},
  Title         = {Raphaël: A JavaScript API for SVG},
  Url           = {http://dev.opera.com/articles/raphael-javascript-api-for-svg/},
  Urldate       = {2014-07-28}
}

%%% PROGRAM %%%%%%%%%%%%%%%%%%%%%%%%%%%%%%%%%%%%%%%%%%%%%%%%%%%%%%%%%%%%%%%%%%%

@misc{Aka,
  Author        = {[[user:aka]]},
  Title         = {Wikipedia Page History Statistics},
  Url           = {http://vs.aka-online.de/cgi-bin/wppagehiststat.pl},
  Urldate       = {2014-08-13}
}
